@article{Accolti2009Fluctuation,
	author = {Accolti, Ernesto and Miyara, Federico},
	keywords = {a preliminary study was,abstract,are not extensible for,as those,available in the literature,carried out with broadband,combined signals modulated with,different,fluctuation strength,loudness fluctuation,models for sounds with,noises and a few,psychoacoustics,sound quality,subjects,the result,the same modulation frequency,was that fluctuation strength},
	pages = {3-6},
	title = {FLUCTUATION STRENGTH OF MIXED FLUCTUATING SOUND SOURCES},
	volume = {XXVIII},
	year = 2009
}

@article{Miura2013Fluctuation,
	author = {Miura, Masanobu and Yasui, Nozomiko},
	issn = {1939800X},
	pages = {050194-050194},
	title = {Fluctuation strength on real sound: motorbike exhaust and marimba tremolo},
	url = {http://link.aip.org/link/PMARCW/v19/i1/p050194/s1\&Agg=doi},
	volume = 19,
	year = 2013
}

@article{Wickelmaier2004Scaling,
	author = {Wickelmaier, F and Ellermeier, W},
	pages = 2600,
	title = {Scaling the Perceived Fluctuation Strength of Frequency-Modulated Tones},
	volume = 115,
	year = 2004
}

@book{Fastl2007Psychoacoustics,
	author = {Fastl, Hugo and Zwicker, Eberhard},
	booktitle = {Springer Science \& Business Media},
	journal = {Springer Science \& Business Media},
	publisher = {Springer Science \& Business Media},
	title = {Psychoacoustics: Facts and Models},
	year = 2007
}

@book{Mueller2012Handbook,
	author = {Müller, Gerhard and Möser, Michael},
	booktitle = {Springer Science \& Business Media},
	journal = {Springer Science \& Business Media},
	publisher = {Springer Science \& Business Media},
	title = {Handbook of Engineering Acoustics},
	year = 2012
}

@book{gelfand2009hearing,
	author = {Gelfand, Stanley A},
	publisher = {CRC Press},
	title = {Hearing: An introduction to psychological and physiological acoustics},
	year = 2009
}

@article{Fastl1982Fluctuation,
	author = {Fastl, H.},
	issn = 03785955,
	pages = {59-69},
	title = {Fluctuation strength and temporal masking patterns of amplitude-modulated broadband noise},
	volume = 8,
	year = 1982
}

@book{Blauert2005Communication,
	author = {Blauert, Jens},
	isbn = {354022162X},
	pages = {1-379},
	title = {Communication acoustics},
	year = 2005
}

@techreport{Schrader2002,
	author = {Schrader, J.E.},
	institution = {Eindhoven University of Technology},
	title = {{A MATLAB implementation of a model of auditory roughness}},
	year = {2002}
}

@article{aures1985berechnungsverfahren,
	author = {Aures, Wilhelm},
	journal = {Acta Acustica united with Acustica},
	number = {5},
	pages = {268--281},
	title = {{Ein berechnungsverfahren der rauhigkeit}},
	volume = {58},
	year = {1985}
}

@article{daniel1997psychoacoustical,
	author = {Daniel, Peter and Weber, Reinhard},
	journal = {Acta Acustica united with Acustica},
	number = {1},
	pages = {113--123},
	title = {{Psychoacoustical roughness: Implementation of an optimized model}},
	volume = {83},
	year = {1997}
}

@article{Sontacchi1998,
	author = {Sontacchi, Alois},
	file = {:Users/rodrigo/Documents/Mendeley Desktop/sontacchi.pdf:pdf},
	issn = {0340-9422},
	mendeley-groups = {Master Thesis},
	pages = {115},
	title = {{Entwicklung eines Modulkonzeptes f\"{u}r die psychoakustische Ger\"{a}uschanalyse unter MatLab}},
	year = {1998}
}
