@book{Muller2012,
author = {M\"{u}ller, Gerhard and M\"{o}ser, Michael},
file = {:Users/rodrigo/Documents/Mendeley Desktop/bok\%3A978-3-540-69460-1.pdf:pdf},
publisher = {Springer Science \& Business Media},
title = {{Handbook of Engineering Acoustics}},
year = {2012}
}
@book{Fastl2007,
author = {Fastl, Hugo and Zwicker, Eberhard},
file = {:Users/rodrigo/Documents/Mendeley Desktop/bok\%3A978-3-540-68888-4.pdf:pdf},
publisher = {Springer Science \& Business Media},
title = {{Psychoacoustics: Facts and Models}},
year = {2007}
}
