@book{Fastl2007Psychoacoustics,
	author = {Fastl, Hugo and Zwicker, Eberhard},
	publisher = {Springer Science \& Business Media},
	title = {Psychoacoustics: Facts and Models},
	year = 2007
}
